@STRING(PRL="Phys. Rev. Lett.")
@STRING(RMP="Rev. Mod. Phys.")

@article{Stadhouder2013,
    author    = "Stadhouder, Bas",
    title     = "Test voor Latex",
    journal   = "Nature",
    year      = "2013",
},

@article{Stadhouder2013/2,
    author    = "Städhoüder, Bas",
    title     = "Umlaut testen",
    journal   = "Discovery",
    volume   = "3",
    number   = "5",
    pages    = "212-218",
    year      = "2013",

}